
@MISC{utp_gender,
author={UTP},
title={Engineering Gender Diversity},
month=january,
year={2019},
howpublished={\url{https://www.utp.edu.my/Pages/The-University/Publications/UTP-Impact/Engineering-Gender-Diversity.aspx}}
}



@MISC{market_share,
author={Martyn Casserly},
title={iPhone vs Android market share},
month=february,
year={2019},
howpublished={\url{https://www.macworld.co.uk/feature/iphone/iphone-vs-android-market-share-3691861/}}
}
